<record><leader>00000cas a22000007a 4500</leader><controlfield tag="001">13287166</controlfield><controlfield tag="008">860312d18991941pauwr ne      0    0eng d</controlfield><datafield ind1=" " ind2=" " tag="010"><subfield code="a">sn 86081159 </subfield></datafield><datafield ind1=" " ind2=" " tag="040"><subfield code="a">NPH</subfield><subfield code="b">eng</subfield><subfield code="c">NPH</subfield><subfield code="d">OCLCQ</subfield></datafield><datafield ind1=" " ind2=" " tag="042"><subfield code="a">msc</subfield></datafield><datafield ind1="0" ind2="0" tag="245"><subfield code="a">Westfield free press.</subfield></datafield><datafield ind1=" " ind2=" " tag="260"><subfield code="a">Westfield, Pa. :</subfield><subfield code="b">W.W. Marsh,</subfield><subfield code="c">1899-1941.</subfield></datafield><datafield ind1=" " ind2=" " tag="300"><subfield code="a">41 v. :</subfield><subfield code="b">ill. ;</subfield><subfield code="c">56 cm.</subfield></datafield><datafield ind1=" " ind2=" " tag="310"><subfield code="a">Weekly</subfield></datafield><datafield ind1="0" ind2=" " tag="362"><subfield code="a">Vol. 21, no. 43 (Oct. 26, 1899)-v. 63, no. 38 (Sept. 17, 1941).</subfield></datafield><datafield ind1=" " ind2=" " tag="752"><subfield code="a">United States</subfield><subfield code="b">Pennsylvania</subfield><subfield code="c">Tioga</subfield><subfield code="d">Westfield.</subfield></datafield><datafield ind1="0" ind2="0" tag="780"><subfield code="t">Free press (Westfield, Pa.)</subfield><subfield code="w">(DLC)sn 86081160</subfield></datafield><datafield ind1="0" ind2="7" tag="785"><subfield code="t">Knoxville courier (Knoxville, Pa. : 1902)</subfield><subfield code="w">(DLC)sn 86081178</subfield></datafield><datafield ind1="0" ind2="7" tag="785"><subfield code="t">Free press-courier continuing the Westfield free press and Knoxville courier</subfield><subfield code="w">(DLC)sn 86081158</subfield></datafield></record>